@book{mas1995microeconomic,
  title={Microeconomic theory},
  author={Mas-Colell, Andreu and Whinston, Michael Dennis and Green, Jerry R and others},
  volume={1},
  year={1995},
  publisher={Oxford university press New York}
}

@article{silva2006log,
  title={The log of gravity},
  author={Silva, JMC Santos and Tenreyro, Silvana},
  journal={The Review of Economics and statistics},
  volume={88},
  number={4},
  pages={641--658},
  year={2006},
  publisher={The MIT Press}
}

@book{yotov2016advanced,
  title={An Advanced Guide to Trade Policy Analysisâ€‹: The Structural Gravity Model},
  author={Yotov, Yoto V and Piermartini, Roberta and Jose Antonio, Monteiro and Larch, Mario},
  year={2016},
  publisher={WTO iLibrary}
}

@article{anderson2016terms,
  title={Terms of trade and global efficiency effects of free trade agreements, 1990--2002},
  author={Anderson, James E and Yotov, Yoto V},
  journal={Journal of International Economics},
  volume={99},
  pages={279--298},
  year={2016},
  publisher={Elsevier}
}

@article{larch2016general,
  title={General equilibrium trade policy analysis with structural gravity},
  author={Larch, Mario and Yotov, Yoto V},
  year={2016},
  publisher={CESifo Working Paper Series}
}

@book{vargas2021solutions,
  title={Solutions Manual for An Advanced Guide to Trade Policy Analysis in R},
  author={Vargas Sepulveda, Mauricio},
  year={2021},
  publisher={United Nations}
}

@misc{uncomtrade,
  title={UN COMTRADE. International Merchandise Trade Statistics},
  author={{United Nations Statistics Division}},
  year={2022},
  publisher={United Nations}
}

